@article{Smithetal2012,
  title   = "Steel foam for structures: a review of applications, manufacturing and material properties",
  journal = "Journal of Constructional Steel Research",
  volume  = "71",
  pages   = "1--10",
  year    = "2012",
  doi     = "10.1016/j.jcsr.2011.10.028",
  author  = "B. Smith and S. Szyniszewski and J. Hajjar and B. Schafer and S. Arwade"
}

@book{Vadwala2011,
  author = {P. Vadwala},
  year = {2011},
  title = {Thermal energy storage in copper foams filled with paraffin wax. MSc Thesis},
  address = {Toronto, Canada},
  publisher = {Mechanical and Industrial Engineering - University of Toronto},
}

@article{Yuanetal2012,
  title   = "Porous metal materials for polymer electrolyte membrane fuel cells - A review",
  journal = "Applied Energy",
  volume  = "94",
  pages   = "309--329",
  year    = "2012",
  doi     = "10.1016/j.apenergy.2012.01.073",
  author  = "W. Yuan and Y. Tang and X. Yang and Z. Wan"
}

@article{DeshpandeFleck2000,
  title   = "Isotropic constitutive models for metallic foams",
  journal = "Journal of Mechanics and Physics of Solids",
  volume  = "48",
  pages   = "1253-1283",
  year    = "2000",
  doi     = "10.1016/S0022-5096(99)00082-4",
  author  = "V. Deshpande and N. Fleck"
}

@article{BanhartSeeliger2008,
  title   = "Aluminum foam sandwich panels: manufacture, metallurgy and applications",
  journal = "Advance Engineering Materials",
  volume  = "10",
  pages   = "793--802",
  year    = "2008",
  doi     = "10.1002/adem.200800091",
  author  = "J. Banhart and H. Seeliger"
}

@book{GibsonAshsby1999,
  author = {L. Gibson and M. Ashby},
  year = {1999},
  title = {Cellular solids: structure and properties},
  edition = {2},
  publisher = {Cambridge University Press},
}

@book{Ashsby2000,
  author = {M. Ashby},
  year = {2000},
  title = {Metal foams: a design guide},
  edition = {1},
  publisher = {Butterworth Heinemann},
}

@article{Lefebvreetal2008,
  title   = "Porous metals and metallic foams: current status and recent developments",
  journal = "Advance Engineering Materials",
  volume  = "10",
  pages   = "775--787",
  year    = "2008",
  doi     = "10.1002/adem.200800241",
  author  = "L. Lefebvre and J. Banhart and D. Dunand"
}

@article{MahjoobKambiz2008,
  title   = "A synthesis of fluid and thermal transport models for metal foam heat exchangers",
  journal = "International Journal of Heat and Mass Transfer",
  volume  = "51",
  pages   = "3701--3711",
  year    = "2008",
  doi     = "10.1016/j.ijheatmasstransfer.2007.12.012",
  author  = "S. Mahjoob and V. Kambiz"
}

@article{Reyesetal2003,
  title   = "Constitutive modeling of aluminum foam including fracture and statistical variation of density",
  journal = "European Journal of Mechanics - A/Solids",
  volume  = "22",
  pages   = "815-835",
  year    = "2003",
  doi     = "10.1016/j.euromechsol.2003.08.001",
  author  = "A. Reyes and O. Hopperstad and T. Berstad and A. Hanssen and M. Langseth"
}

@article{Szyniszewskietal2014,
  title   = "The mechanical properties and modeling of a sintered hollow sphere steel foam",
  journal = "Materials and Design",
  volume  = "54",
  pages   = "1083-1094",
  year    = "2014",
  doi     = "10.1016/j.matdes.2013.08.045",
  author  = "S. Szyniszewski and B. Smith and J. Hajjar and B. Schafer and S. Arwade"
}

@article{Aly2007,
  title   = "Behavior of closed cell aluminium foams upon compressive testing at elevated temperatures: Experimental results",
  journal = "Materials Letters",
  volume  = "61",
  pages   = "3138-3141",
  year    = "2007",
  doi     = "10.1016/j.matlet.2006.11.046",
  author  = "M. Aly"
}

@article{Kovacicetal2016,
  title   = "High-temperature compression of closed cell aluminium foams",
  journal = "Kovov\'e Materi\'aly",
  volume  = "54",
  pages   = "429-440",
  year    = "2016",
  doi     = "10.4149/km 2016 6 429",
  author  = "J. Kov\'a\v{c}ik and L. Orov\v{c}ik and J. Jerz"
}

@article{Liuetal2016,
  title   = "Compressive properties of Al-Si-SiC composite foams at elevated temperatures",
  journal = "Journal of Alloys and Compounds",
  volume  = "676",
  pages   = "239-244",
  year    = "2016",
  doi     = "10.1016/j.jallcom.2016.03.076",
  author  = "J. Liu and Q. Qu and Y. Liu and R. Li and B. Liu"
}

@article{Taherishargh2018,
  title   = "The mechanical properties of expanded perlite-aluminium syntactic foam at elevated temperatures",
  journal = "Journal of Alloys and Compounds",
  volume  = "737",
  pages   = "590-596",
  year    = "2018",
  doi     = "10.1016/j.jallcom.2017.12.083",
  author  = "M. Taherishargh and E. Linul and S. Broxtermann and T. Fiedler"
}

@article{BekozOktay2014,
  title   = "High temperature mechanical properties of low alloy steel foams produced by powder metallurgy",
  journal = "Materials and Design",
  volume  = "53",
  pages   = "482-489",
  year    = "2014",
  doi     = "10.1016/j.matdes.2013.07.050",
  author  = "N. Bekoz and E. Oktay"
}

@book{ISO13314,
  title = {Technical Committee ISO/TC 164. Compression test for porous and cellular metals – ISO 13314:2011}
}

@book{Cobb1987,
  author = {M. Cobb},
  year = {1987},
  title = {World Wide Guide to Equivalent Irons and Steels},
  edition = {2},
  publisher = {ASM International},
}

@book{Smith2012,
  author = {B. Smith},
  year = {2012},
  title = {Material characterization and computational simulation of steel foam for use in structural applications. MSc Thesis},
  address = {Amherst, Massachussetts, U.S.A.},
  publisher = {University of Massachussetts Amherst},
}

@book{Avalloneetal2007,
  author = {A. Avallone and T. Baumeister and A. Sadegh},
  year = {2007},
  title = {Mark's Standard Handbook for Mechanical Engineers},
  edition = {11},
  publisher = {McGraw-Hill},
}

@book{EC3-1-2,
  title = {European Comittee for Standardization. Eurocode 3: Design of Steel Structures, Part 1-2: General Rules - Structural Fire Design – EN 1993-1-2:2005}
}

@article{Gaoetal2008,
  title   = "Mechanical behavior of metallic hollow sphere materials: experimental study",
  journal = "J. Aerospace Eng.",
  volume  = "21",
  pages   = "206-216",
  year    = "2008",
  doi     = "10.1016/(ASCE)0893-1321(2008)21:4(206)",
  author  = "Z. Gao and X. Yu and H. Zhao"
}

@article{WouPhi2006,
  title   = "Geometrical cluster ensemble analysis of random sphere packings",
  journal = "J. Chem. Phys.",
  volume  = "125",
  pages   = "194709-194719",
  year    = "2006",
  doi     = "10.1063/1.2390700",
  author  = "A. Wouterse and A. Philipse"
}

@article{Kansaletal2002,
  title   = "Computer generation of dense polydisperse sphere packings",
  journal = "J. Chem. Phys.",
  volume  = "117",
  pages   = "8212-8218",
  year    = "2002",
  doi     = "10.1063/1.1511510",
  author  = "A. Kansal and S. Torquato and F. Stillinger"
}

@article{WilliamsandPhilipse2003,
  title   = "Random packings of spheres and spherocylinders simulated by mechanical contraction",
  journal = "Physical Review E",
  volume  = "67",
  pages   = "1-9",
  year    = "2003",
  doi     = "10.1103/PhysRevE.67.051301",
  author  = "R. Williams and A. Philipse"
}


@article{XiongandLiew2016,
  title   = "Mechanical properties of heat-treated high tensile structural steel at elevated temperatures",
  journal = "Thin-Walled Structures",
  volume  = "98",
  pages   = "169-176",
  year    = "2016",
  doi     = "10.1016/j.tws.2015.04.010",
  author  = "M. Xiong and J. Liew"
}

@article{Fallet2008,
  title   = "Mechanical Behaviour of Metallic Hollow Spheres Foam",
  journal = "Advanced Engineering Materials",
  volume  = "10",
  pages   = "858-862",
  year    = "2008",
  doi     = "10.1002/adem.200800094",
  author  = "A. Fallet and P. Lhuissier and Y. Br\'echet"
}

@book{TimGer2009,
  author = {S. Timoschenko and J. Gere},
  year = {2009},
  title = {Theory of Elastic Stability},
  edition = {2},
  publisher = {Dover Publications, Inc.},
}

@article{Winter1947,
  title   = "Strength of Thin Steel Compression Flanges",
  journal = "Transactions of ASCE",
  volume  = "2035",
  year    = "1947",
  author  = "G. Winter"
}

@article{Sch2011,
  title   = "Ultralight metallic microlattices",
  journal = "Science",
  volume  = "334",
  pages   = "962-965",
  year    = "2011",
  doi     = "10.1126/science.1211649",
  author  = "T. Schaedler and A. Jacobsen and A. Torrents and A. Sorensen and J. Lian and J. Greer and L. Valdevit and W. Carter"
}

@article{Wei2018,
  title   = "An empirical component-based model for shear behavior of high-strength bolts at elevated temperatures",
  journal = "Journal of Constructional Steel Research",
  volume  = "147",
  pages   = "87-102",
  year    = "2018",
  doi     = "10.1016/j.jcsr.2018.03.034",
  author  = "J. Weigand and R. Peixoto and L. Vieira and J. Main and M. Seif"
}

@article{Ric1975,
  title   = "Versatile elastic-plastic stress-strain formulation",
  journal = "Journal of the Engineering Mechanics",
  volume  = "101",
  pages   = "511-515",
  year    = "1975",
  author  = "M. Richard and J. Abbot"
}

@book{Mat,
  title = {MathWorks, MATLAB Global Optimization Toolbox User's Guide, Version 3.4.1 (R2016b), The MathWorks, Inc., Natick, Massachusetts, United States, 2016}
}


@book{EC9-1-2,
  title = {European Comittee for Standardization. Eurocode 9: Design of Aluminum Structures, Part 1-2: Structural Fire Design – EN 1999-1-2:2007}
}
